% Vsechny mandatory entries a fields vyplneny podle http://bib-it.sourceforge.net/help/fieldsAndEntryTypes.php

@article{optimisationOrderPickingGA,
    author = { Eleonora   Bottani  and  Margherita   Cecconi  and  Giuseppe   Vignali  and  Roberto   Montanari },
    title = {Optimisation of storage allocation in order picking operations through a genetic algorithm},
    journal = {International Journal of Logistics Research and Applications},
    volume = {15},
    number = {2},
    pages = {127-146},
    year  = {2012},
    publisher = {Taylor & Francis},
    doi = {10.1080/13675567.2012.694860},
}

% citovano jako v https://www.researchgate.net/publication/277633332_Multicriteria_Decision_Model_to_Support_the_Assignment_of_Storage_Location_of_Products_in_a_Warehouse
@article{slapSeacomp,
    author = {Battista, Claudia and Fumi, A. and Giordano, Francesco and Schiraldi, Massimiliano},
    year = {2011},
    month = {01},
    pages = {},
    journal = {Proceedings of the Conference Breaking Down the Barriers between Research and Industry},
    title = {Storage Location Assignment Problem: implementation in a warehouse design optimization tool}
}

@article{slapReview,
    author = {Juan José Rojas Reyes, Elyn Lizeth Solano-Charris, Jairo Rafael Montoya-Torres},
    title = {The storage location assignment problem: A literature review},
    journal = {International Journal of Industrial Engineering Computations},
    volume = {10},
    number = {2},
    pages = {199-224},
    year = {2019},
    doi = {10.5267/j.ijiec.2018.8.001}
}

@article{slapPickAndPass,
    title = "A storage assignment heuristic method based on genetic algorithm for a pick-and-pass warehousing system",
    journal = "Computers & Industrial Engineering",
    volume = "81",
    pages = "1 - 13",
    year = "2015",
    issn = "0360-8352",
    doi = "https://doi.org/10.1016/j.cie.2014.12.010",
    author = "Jason Chao-Hsien Pan and Po-Hsun Shih and Ming-Hung Wu and Jyh-Horng Lin"
}

@article{slapGaMultiObj,
    title = "Implementation and comparison of algorithms for multi-objective optimization based on genetic algorithms applied to the management of an automated warehouse",
    author = "Nastasi, G., Colla, V., Cateni, S. et al.",
    doi = "https://doi.org/10.1007/s10845-016-1198-x",
    year = "2018",
    pages = "1545 - 1557",
    journal = "Journal of Intelligent Manufacturing",
    volume = "29"
}

% https://core.ac.uk/display/195247013
@incollection{whModelSim,
	doi = {10.5772/7658},
	year = 2010,
	month = {feb},
	publisher = {{InTech}},
	author = {Valentina Colla and Gianluca Nastasi},
	title = {Modelling and Simulation of an Automated Warehouse for the Comparison of Storage Strategies},
	booktitle = {Modelling Simulation and Optimization}
}

@article{GAoptimisModel,
    autor = {John McCall},
    title = {Genetic algorithms for modelling and optimisation},
    journal = {Journal of Computational and Applied Mathematics},
    volume = {184},
    number = {1},
    year = {2005},
    pages = {205-222},
    doi = {https://doi.org/10.1016/j.cam.2004.07.034}
}

@article{GAstudy,
    author = {Lingaraj, Haldurai},
    year = {2016},
    month = {10},
    pages = {139-143},
    title = {A Study on Genetic Algorithm and its Applications},
    volume = {4},
    journal = {International Journal of Computer Sciences and Engineering}
}

% https://www.springer.com/gp/book/9783662448731
@book{introductionEvo,
    title     = "Introduction to Evolutionary Computing",
    author    = "A.E. Eiben, James E Smith",
    year      = 2015,
    publisher = "Springer-Verlag Berlin Heidelberg",
    address   = "Berlin",
    isbn      = "978-3-662-44874-8"
}

%https://www.springer.com/gp/book/9783662436301
@book{naturalEvoAlgs,
    title     = "Natural Computing Algorithms",
    author    = "Brabazon Anthony, O'Neill Michael, McGarraghy Sean",
    year      = 2015,
    publisher = "Springer-Verlag Berlin Heidelberg",
    address   = "Berlin",
    isbn      = "978-3-662-43631-8"
}

@article{PSO_GA_TSP,
    author = {Borna, Keivan and Khezri, Razieh and Yiu, Cedric},
    year = {2015},
    month = {12},
    title = {A combination of genetic algorithm and particle swarm optimization method for solving traveling salesman problem},
    volume = {2},
    journal = {Cogent Mathematics},
    doi = {10.1080/23311835.2015.1048581}
}

@INPROCEEDINGS{DE_GA_TSP,
    author={T. {Liu} and M. {Maeda}},
    booktitle={2014 Joint 7th International Conference on Soft Computing and Intelligent Systems (SCIS) and 15th International Symposium on Advanced Intelligent Systems (ISIS)}, 
    title={An algorithm of set-based differential evolution for traveling salesman problem}, 
    year={2014},
    volume={},
    number={},
    pages={81-86},
    doi={10.1109/SCIS-ISIS.2014.7044726}
}

@article{ABC,
    author = {Karaboga, Dervis and Basturk, Bahriye},
    year = {2007},
    month = {11},
    pages = {459-471},
    title = {A powerful and efficient algorithm for numerical function optimization: Artificial bee colony (ABC) algorithm},
    volume = {39},
    journal = {Journal of Global Optimization},
    doi = {10.1007/s10898-007-9149-x}
}

@article{ABC_TSP,
    title = "A swap sequence based Artificial Bee Colony algorithm for Traveling Salesman Problem",
    journal = "Swarm and Evolutionary Computation",
    volume = "44",
    pages = "428 - 438",
    year = "2019",
    issn = "2210-6502",
    doi = "https://doi.org/10.1016/j.swevo.2018.05.006",
    author = "Indadul Khan and Manas Kumar Maiti"
}

@Inbook{TSP,
    author="Hoffman, Karla L. and Padberg, Manfred",
    editor="Gass, Saul I. and Harris, Carl M.",
    title="Traveling Salesman Problem (TSP)Traveling salesman problem",
    bookTitle="Encyclopedia of Operations Research and Management Science",
    year="2001",
    publisher="Springer US",
    address="New York, NY",
    pages="849--853",
    isbn="978-1-4020-0611-1",
    doi="10.1007/1-4020-0611-X\_1068"
}

@MISC{GA_TSP,
    author = "Eric Stoltz",
    title = "Evolution of a salesman: A complete genetic algorithm tutorial for Python",
    howpublished = "online",
    year = "Naposledy navštíveno 11. 5. 2020",
    url = "http://towardsdatascience.com/6fe5d2b3ca35"
}

@misc{metacentrum,
    author =   "MetaCentrum",
    title =    "MetaCentrum VO -- virtuální organizace pro celou akademickou obec",
    howpublished = "\url{https://metavo.metacentrum.cz/cs}",
    note =     "[Online; navštíveno 07.12.2020]"
}

@article{exactTimeSlap,
    author = {Chen, Lu and Langevin, André and Riopel, Diane},
    year = {2007},
    month = {12},
    pages = {},
    title = {The storage location assignment and interleaving problem in an automated storage/retrieval system with shared storage},
    volume = {48},
    journal = {International Journal of Production Research - INT J PROD RES},
    doi = {10.1080/00207540802506218}
}

@MISC{orderedCrossover,
    author = "Matthew Caryl",
    title = "Travelling Salesman Problem",
    howpublished = "online",
    year = "Naposledy navštíveno 3. 1. 2021",
    url = "http://www.permutationcity.co.uk/projects/mutants/tsp.html"
}

@article{MMAS,
    title = {$\mathcal{MAX}\!{-}\!\mathcal{MIN}$ Ant System},
    journal = {Future Generation Computer Systems},
    volume = {16},
    number = {8},
    pages = {889-914},
    year = {2000},
    issn = {0167-739X},
    doi = {https://doi.org/10.1016/S0167-739X(00)00043-1},
    author = {Thomas Stützle, Holger H. Hoos}
}
